2054 3666
78 455 140 519 230

79 875 140 941 235

724 128 727 135 ι

154 271 197 328 st
353 259 364 309 s
392 257 705 323 ἘΥΡΙΠΙΔΟΥ

195 447 198 453 ’
242 433 284 497 ἄν
298 430 439 515 ὑγραίνει
455 428 661 493 καλλιστεύων

241 519 260 580 ὁ
282 514 410 591 §aedeis
431 522 551 595 χαίταν
575 517 753 595 πυρσαίνω.

240 603 392 685 Κρᾶθις,
415 604 549 674 ζαθέαις
573 604 713 678 ποιναῖσι
727 601 867 680 ’τρέφων

319 683 471 765 εὔανδρόν
496 683 519 746 τ’
544 682 676 766 ὀλβίζων
697 682 771 761 μᾶν.
859 721 861 725 >

238 774 295 829 καὶ
315 765 380 851 μήν
400 768 542 831 Δαναῶν
562 764 607 829 ὅδ’
624 765 692 828 eiad
709 761 866 847 στρατιᾶς
915 781 954 820 ss·

155 874 158 879 ·
241 851 355 935 κῆρυξ,
380 852 523 936 νεοχμῶν
543 851 658 936 μύθων
680 854 799 935 ταμίας

840 942 847 963 Ι

190 1087 223 1137 V.
240 1086 296 1136 230.
314 1080 454 1149 ϋγραῖνει.
490 1088 532 1135 Ita
556 1088 674 1151 optimus
698 1084 763 1136 Cod.
782 1085 859 1134 Flor.
884 1102 954 1149 qno-

159 1156 223 1203 'cum
252 1156 382 1203 consentit
405 1153 544 1204 Theocriti
571 1152 730 1203 scholiastes
756 1151 789 1201 ad
818 1149 908 1215 ‚ldylL
920 1152 963 1218 V.

151 1239 182 1271 .v.
198 1209 246 1280 165,
265 1218 292 1268 ct'
307 1222 401 1269 firmat
417 1221 513 1277 Noster
528 1221 586 1270 Hel.
604 1238 627 1270 v.
637 1219 661 1270 5.
686 1220 731 1269 vbi
747 1220 780 1269 de
793 1219 854 1268 Nili
871 1221 954 1267 inun-

161 1287 316 1336 dationibus
339 1288 391 1336 hoc
408 1288 523 1335 verbum
546 1285 664 1337 adhibet.
684 1287 768 1336 Silius
782 1285 845 1334 Ital.
863 1284 913 1335 lib.
928 1284 953 1335 8.

160 1365 183 1404 v.
197 1352 254 1403 458.
279 1352 390 1434 Statque
404 1342 558 1405 humectata
574 1354 696 1405 Vomano
710 1353 807 1403 Adria.
828 1376 866 1387 —
882 1351 953 1402 Edd.

161 1430 252 1470 omnes
267 1414 402 1483 ddpawsc.

195 1482 293 1537 V.231.
312 1474 482 1549 τιν’ρσαίνων.
500 1490 592 1553 Quam
606 1491 682 1538 imice
698 1504 789 1536 veram
804 1487 952 1536 lectionem

84 1597 86 1600 ,
161 1556 261 1615 iterum
288 1554 440 1619 suppeditat
463 1559 617 1620 praeclarus
643 1555 708 1606 Cod.
725 1556 799 1604 Flos·
825 1565 853 1602 et
875 1552 952 1603 habet

105 1684 109 1691 ,
161 1622 269 1672 Tzctzes
289 1621 323 1669 ad
344 1622 510 1687 Lycophron.
532 1641 555 1674 v.
571 1639 642 1674 1021.
652 1640 655 1645 ’
666 1635 692 1671 et
705 1620 881 1670 ·Eustat‘hius·
893 1638 951 1671 mo·

161 1701 239 1745 nense
255 1687 393 1737 Hadriano
409 1690 486 1738 lunio
504 1692 530 1739 in
539 1691 689 1740 Comment.
701 1688 733 1738 de
741 1688 825 1738 Coma
835 1687 950 1738 in'Gsw·

164 1758 216 1805 teri
225 1754 305 1805 Thes.
316 1754 382 1803 Crit.
392 1757 470 1803 Tom.
479 1757 526 1804 IV.
541 1773 567 1819 p.
576 1756 634 1804 542.
646 1757 752 1817 Reliqui
767 1771 865 1809 onmes
880 1769 950 1819 πνρ-

163 1818 263 1867 σεύων.
299 1820 351 1868 Sed
375 1817 525 1883 πυρσεύειν
543 1839 596 1870 non
616 1823 745 1884 significat
760 1818 951 1871 rutilum'red-

163 1885 235 1933 dere.
269 1885 430 1952 Hesychius,
450 1885 573 1947 fluidas,
606 1885 719 1936 Photius
743 1889 883 1951 explicant
905 1905 950 1956 per

163 1947 327 2020 ὃμδονχεῖν,
346 1948 476 2027 λάμπειν,
494 1953 551 2020 πῦρ
564 1952 672 2014 ἅπτειν,
690 1949 846 2018 ἐκφαίνειν.
865 1956 951 2021 Aeque

164 2024 274 2071 omnino
288 2021 421 2070 eiusmodi
435 2020 524 2082 verba,
543 2040 611 2086 quae
627 2021 660 2070 ab
673 2014 951 2084 adiectiuisderiusta,

163 2088 277 2138 reddere
292 2088 396 2150 aliquid
413 2091 465 2136 tale
479 2091 645 2150 significant,
663 2090 742 2150 quale
759 2074 896 2141 adiectiuo
911 2093 951 2142 in·

164 2155 271 2203 dicatur
280 2189 288 2213 ‚
314 2151 455 2203 terminari
474 2154 558 2200 solent
581 2157 608 2202 in
623 2167 661 2200 νω
678 2149 762 2214 (α’νω,
781 2153 862 2216 αΙνω,
879 2154 951 2221 τίνω)

164 2232 213 2269 aut
230 2215 278 2265 όω.
318 2219 403 2276 Raro,
432 2219 546 2287 quaein
565 2215 616 2278 ζω,
637 2223 792 2283 carissime,
817 2224 953 2290 siquidem

90 2293 92 2298 “
159 2298 235 2335 'recte
254 2298 375 2347 quaeque
391 2285 553 2348 explicamus
563 2294 656 2351 ,''quae
675 2289 702 2337 in
717 2283 753 2334 ἑω
768 2301 794 2337 et
811 2287 872 2338 ev'oa
884 2292 970 2341 desi··

163 2363 248 2411 nunt,
274 2349 342 2401 han'c
362 2352 722 2414 significationem·habent.·
756 2358 824 2408 Rem
847 2360 951 2408 claram

165 2418 253 2479 faciet,
271 2430 299 2466 vt
317 2420 368 2467 alia
388 2422 506 2480 taceam,
531 2418 674 2471 discrimen
690 2425 759 2473 inter
773 2423 913 2488 ψυχριύω
928 2436 954 2474 et

164 2483 323 2549 ψυχραίνω.
358 2486 452 2548 Locus,
471 2503 552 2553 quem
566 2489 736 2554 Musgiauius
750 2491 825 2539 affert
839 2508 874 2541 ex
886 2486 952 2542 Pol-

164 2553 225 2602 luce
242 2553 315 2602 Libr.
330 2553 352 2603 1.
379 2554 493 2622 sect.49.
521 2573 575 2604 non
599 2573 682 2606 unam
701 2557 866 2633 obpcausam
889 2575 952 2610 cum

142 2639 144 2643 ’
162 2630 257 2668 nostro
272 2623 360 2668 minus
376 2633 436 2686 apte
454 2629 636 2686 comparatur.

200 2687 233 2736 V,
250 2685 307 2736 252.
325 2684 451 2751 Κρᾶθις.
467 2689 542 2748 „Ita,
560 2690 716 2754 etquidem
732 2692 855 2755 videtur,
872 2692 951 2745 MSS.

167 2751 300 2818 Steph.—-·
317 2752 368 2802 Ed.
383 2752 446 2804 Ald.
462 2767 487 2803 et
501 2754 560 2803 MS.
570 2756 645 2808 Harl.
657 2752 824 2824 Kpa'vd'scd‘
842 2760 951 2812 Mesoa.

166 2819 208 2870 De
230 2818 323 2869 Crathi
343 2823 424 2870 fluuio
446 2822 557 2885 capillos
586 2826 669 2873 flauos
701 2825 828 2877 reddente
862 2830 952 2879 Inter·

165 2900 253 2953 pretes
261 2889 343 2936 citant
350 2888 485 2937 Theocriti
493 2887 582 2940 Schol.
593 2891 627 2941 ad
635 2892 715 2958 Idyll.
726 2893 757 2945 V.
774 2910 798 2943 v.
809 2894 851 2944 16.
860 2896 951 2946 Tacts·

166 2956 201 3004 ad
216 2953 345 3019 Lycophr.
359 2972 383 3002 v.
401 2967 473 3006 1021.
493 2954 561 3006 Plin.
579 2958 678 3009 Histoe.
693 2959 755 3010 Nat.
772 2959 872 3014 XXXI.
894 2973 951 3014 ca.

164 3021 248 3074 Ouid.
260 3022 371 3070 Metam·
387 3022 443 3073 XV·
457 3039 480 3071 v.
490 3021 548 3071 515.
563 3037 589 3072 et
604 3025 727 3078 Strabcn.
745 3044 771 3091 p.
785 3027 843 3079 265.
859 3029 895 3082 D.

197 3087 267 3138 Ibid.
285 3085 415 3149 παναῖσι.
449 3088 536 3153 Vulgo
551 3087 680 3154 πηγαῖσι.
706 3094 767 3144 Vid-
786 3095 820 3144 ad
837 3113 861 3147 v.
877 3096 957 3161 152.χ

197 3152 307 3207 stass.
334 3156 370 3207 lli
391 3158 509 3222 quiaque
531 3163 661 3224 anapaesti
682 3177 714 3212 ex
729 3163 834 3226 vulgari
849 3167 951 3216 iterum

297 3327 307 3358 2
