2054 3666
621 212 632 233 Ψ
704 210 708 215 “
726 230 740 247 μ

98 361 176 431 ,ῃ
361 336 668 399 semanno

138 514 176 580 in
196 513 306 598 libro,
346 532 447 599 quem
474 511 516 577 de
543 513 695 579 versibus
718 514 931 581 dochmiaeis

137 628 313 721 superiore
335 653 423 695 anno
448 629 486 694 in
501 632 613 695 lucem
632 630 749 714 emisi,
785 632 932 698 uberius

137 761 171 815 et
198 734 407 838 enploratius
439 760 579 817 tractata
605 761 691 815 sunt.
749 747 849 814 Facta
880 761 933 816 est

137 868 265 934 horum
300 850 455 933 locoruria
489 868 618 934 mentio
651 867 688 931 in
726 862 930 955 Addendis3

135 998 373 1074 praetereaque
401 985 531 1073 aliquot
558 984 643 1051 folia
674 982 796 1073 curaui
831 1003 933 1049 recu*

136 1106 256 1170 denda.

211 1221 279 1284 Sed
298 1219 481 1286 dicendum
494 1232 543 1287 est
558 1220 720 1305 breuiter,
746 1218 829 1307 quid
842 1216 931 1284 huic¹

132 1361 242 1405 nouae
250 1336 425 1425 Euripidis
442 1338 583 1403 editioni
596 1338 787 1404 ornamenti
804 1338 931 1402 addere

134 1453 358 1521 decreuerim.
409 1455 563 1520 Primam
587 1444 744 1521 omnium
756 1456 845 1520 laune
863 1455 932 1519 mi·
947 1456 951 1460 ⁴

132 1572 298 1659 hilege'm
312 1572 446 1661 scripsi,
472 1584 510 1639 vt
522 1584 659 1638 textum
676 1574 860 1659 diligenter
876 1595 932 1636 re-

131 1701 378 1776 cognoscerem,
394 1714 495 1777 quem
510 1691 548 1754 in
569 1690 636 1755 hoe
654 1672 753 1778 poeta
768 1691 953 1781 innume-2

130 1809 180 1876 ris
197 1809 308 1875 adhuc
329 1807 462 1873 mendis
485 1798 755 1875 contaminatum
773 1831 843 1874 esse
867 1782 942 1876 neu¹

130 1951 188 1993 mo
209 1925 327 1992 nescit.
404 1924 551 1990 Proinde
575 1918 741 2012 quidquid
765 1925 807 1990 ad
834 1927 929 1995 hane

129 2066 205 2110 rem
217 2040 379 2131 praesidii
394 2042 540 2126 deesset,
566 2038 638 2108 eius
664 2043 762 2131 copia
778 2046 930 2113 vtsmihi
970 2090 972 2096 ,

129 2162 237 2248 lieret,
262 2162 410 2230 studiose
428 2182 568 2248 operam
582 2159 670 2226 dedi.
707 2157 765 2227 Ad
781 2184 935 2230 manum·

129 2292 210 2346 suut
225 2276 732 2364 pleraequeTragieieditiones
750 2276 929 2346 virorum·

129 2417 194 2485 que
209 2396 387 2460 doctorum
411 2390 548 2453 adeum
566 2388 808 2476 annotationes,
835 2418 926 2482 quae

128 2513 269 2600 quidem
286 2507 416 2573 Critico
437 2508 517 2572 usui
539 2528 608 2571 esse
625 2519 785 2597 possunt,
811 2508 925 2580 immo

129 2632 171 2698 ad
195 2629 325 2717 aliquot
359 2623 565 2712 Tragoedias
589 2648 698 2693 nouae
728 2626 830 2694 etiam
858 2630 927 2698 Co·

127 2748 245 2816 dicum
274 2741 373 2810 MSS.
399 2743 604 2811 collationes.
682 2743 774 2825 Quas
795 2769 925 2835 magna
970 2720 972 2726 ,

127 2888 174 2932 ex
189 2875 286 2954 parte
297 2859 490 2926 Hermanni
507 2861 575 2926 mei
590 2861 785 2929 liberalitati
801 2864 924 2955 debeo,
967 2870 971 2881 '

127 2985 188 3073 qui
204 2984 345 3072 insuper
366 2982 408 3047 de
423 2980 543 3046 multis
560 2979 644 3047 loeis
665 2979 925 3053 difficilioribus
962 2978 967 2989 ⁵

128 3122 226 3168 suam
258 3124 394 3168 mecum
424 3097 626 3166 sententiam
664 3100 923 3171 communicare

718 3262 741 3339 a
