2054 3666
180 352 252 391 *vm
436 326 728 393 PRAEFATIO.

136 522 139 529 ·
185 504 279 572 bicos
298 502 475 572 trimetros
494 506 667 593 aliquanto
685 504 896 573 emendatius
906 503 980 573 edi·

185 640 238 694 tos
258 623 460 713 habeamus,
475 619 482 637 '
499 630 604 713 quam
628 624 769 692 cantica.
819 624 867 691 Et
892 623 979 691 hano

184 740 296 832 ipsam
317 756 431 810 tamen
460 742 654 809 fabularum
684 765 825 810 suarum
846 755 980 832 partem

184 861 351 951 Tragicos
372 873 486 953 poetas
510 861 558 928 ita
580 852 808 952 perpoliuisse
839 875 981 951 constat,

185 993 224 1051 vt
238 981 331 1048 haud
358 984 595 1049 secundariam
613 1003 658 1046 ex
675 1003 712 1045 ea
727 981 865 1047 laudem
881 1002 982 1070 quaes

179 1112 310 1168 *serent
363 1096 535 1180 Quocirca
561 1099 626 1165 hae
649 1097 688 1163 iu
702 1121 741 1164 re
759 1121 779 1165 a
795 1100 983 1188 superiori-

183 1219 248 1287 bus
266 1218 452 1287 editoribus
476 1219 524 1286 itu
544 1217 633 1287 mihi
655 1218 899 1285 discedendum
916 1242 983 1308 pu

183 1339 270 1424 taui,
286 1351 335 1423 vt,
351 1361 459 1426 quum
472 1336 526 1403 illi
545 1337 584 1402 in
602 1336 743 1403 senariis
761 1319 983 1405 emendaudis

151 1506 156 1515 .
177 1469 218 1522 et
233 1456 455 1544 expediendis
484 1457 640 1523 maxime.
653 1442 891 1545 elaborassent,
919 1476 981 1543 ege

183 1576 228 1641 ad
242 1572 356 1665 lyrica
379 1574 532 1641 darmina
551 1574 730 1643 intentiori
749 1574 900 1663 quodam
914 1582 983 1641 stu-

183 1692 535 1771 dioaelhaeresoerem.
561 1693 767 1759 Hootamen
784 1676 981 1761 nonitaiuss

138 1858 147 1877 J
181 1811 359 1877 tellectum
372 1808 462 1893 volo,
488 1819 526 1876 vt
546 1809 714 1874 desertam
730 1807 821 1874 hano
835 1812 979 1911 prouisa

183 1929 273 1995 ciam
289 1927 336 1995 itu
362 1925 453 1992 mihi
470 1925 591 1995 videar
617 1924 922 2016 administramus,
937 1942 979 2023 ¹rt

181 2048 342 2112 errorum
365 2043 456 2112 nihil
477 2066 497 2109 a
516 2064 574 2109 me
587 2046 749 2111 relictum
765 2046 817 2111 sit.
870 2046 977 2114 Immo

181 2162 282 2229 facile
305 2159 414 2245 vides,
437 2157 504 2225 hoc
523 2180 594 2224 non
616 2161 717 2227 vnius
734 2184 845 2250 neque
870 2165 978 2235 homi·

181 2281 236 2345 nis
261 2300 330 2343 esse
352 2298 461 2364 neque
484 2277 618 2362 aetatis,
669 2292 707 2346 vt
735 2281 778 2346 ad
797 2283 977 2369 pristinam

180 2397 333 2464 formam
348 2395 500 2462 carmina
513 2395 573 2461 illa
582 2399 744 2485 proxime
759 2415 974 2490 reuocentur,

171 2514 242 2592 -sed
262 2537 327 2602 pro
351 2512 420 2577 suis
443 2535 610 2602 quemque
632 2516 754 2604 opibus
782 2531 814 2583 et
843 2519 973 2587 viribus

183 2643 318 2697 tantum
342 2630 492 2718 aliquem
517 2631 673 2699 eonferre
689 2634 880 2724 symbolam
901 2662 973 2728 pos·

177 2746 229 2819 se.
287 2749 401 2830 Quare
428 2760 467 2819 vt
490 2749 639 2820 liberum
662 2755 704 2820 sit
728 2778 830 2821 suum
851 2757 971 2849 cuique

184 2869 367 2953 iudicium,
390 2868 505 2936 variae
521 2870 682 2938 lectiones
704 2872 863 2961 religiose
883 2858 969 2943 aine

186 2998 467 3079 commemorajae
511 2998 607 3075 sunt,
657 3012 719 3055 neo
750 2988 863 3059 minus
896 3018 970 3061 eon·

185 3106 333 3174 iacturae
343 3080 506 3179 rudium
524 3106 701 3174 doetormn
725 3130 793 3197 eae,
819 3133 903 3200 quas
922 3134 971 3182 re·
