2054 3666
311 334 600 396 PRAEFATIO.
805 360 857 403 vu

57 511 182 583 voluit.
237 508 294 575 Ex
319 511 467 609 antiquie
496 511 700 578 editionibus
727 514 856 603 primas

55 643 153 698 tenet
175 624 323 716 Aldina,
349 652 434 719 quae
449 614 501 696 'td
522 631 699 719 plerasque
724 629 857 699 fabulas

55 749 216 816 nondum
238 770 445 835 equaquam
462 749 540 814 satis
560 760 715 813 accurate
735 752 858 817 collata
919 834 922 841 Ι

32 840 116 936 eat.
169 865 272 931 Hane
296 865 407 952 igitur
430 854 631 932 faciendum
667 868 788 956 putaui
822 882 860 937 vt

55 987 101 1052 ad
112 982 271 1071 singulos
287 1006 406 1052 versus
423 985 497 1073 ipse
516 985 718 1053 conferrem.
762 987 859 1053 Cete-

53 1103 105 1171 ris
129 1099 340 1171 editionibus
363 1102 411 1168 ita
435 1097 490 1167 me
515 1127 615 1172 vsum
639 1103 793 1191 videbis,
820 1116 860 1174 vt

53 1224 216 1295 virerum
255 1220 435 1287 doctorum
469 1233 529 1285 aut
560 1222 859 1311 interpretationes

52 1354 116 1412 aut
124 1341 337 1409 coniecturas
349 1340 461 1405 denuo
477 1340 520 1404 ad
534 1361 679 1406 examen
687 1363 859 1433 vocarem,

10 1456 15 1561 i
52 1460 211 1529 maxime
234 1471 348 1525 autem
372 1458 414 1523 ad
443 1477 498 1522 eas
524 1457 684 1523 lectiones
704 1457 861 1524 animum

13 1584 21 1599 Ι·

10 1577 286 1877 ,intenderem2
313 1598 394 1663 quas
412 1594 457 1640 ex
472 1574 572 1638 libris
594 1571 697 1640 MSS.
713 1584 863 1643 enotatas

52 1694 271 1785 reperissem.
323 1693 493 1758 Codicum
510 1689 605 1755 enim
620 1689 690 1755 dici
707 1689 771 1759 vix
784 1703 862 1780 pot·

53 1827 107 1880 eat
120 1836 168 1902 qn
235 1809 509 1903 perfunctoriam
525 1809 672 1874 editores
688 1807 860 1877 rationem

10 1908 15 2021 Ξ
51 1930 172 1998 habue
210 1940 262 2017 ,b
310 1928 370 2014 qui
405 1926 499 2021 baud
533 1949 613 1993 raro
662 1925 777 2014 inepta
822 1929 862 1996 in

10 2024 17 2093 i
52 2055 162 2139 poeta
189 2030 442 2129 relinquerenb,
468 2043 615 2131 optimas
639 2043 801 2112 lectiones
822 2047 862 2113 in

53 2170 222 2232 notarum
242 2160 385 2227 latebras
399 2161 600 2247 ablegantes.
652 2160 803 2251 Largam
819 2167 862 2233 ab

11 2352 14 2361 ,
54 2282 250 2370 hispane,
270 2277 422 2343 maxime
437 2278 475 2343 in
493 2280 701 2346 carminibus
715 2284 861 2375 melicis,

55 2422 153 2466 nono
173 2396 299 2462 editori
318 2418 462 2462 messem
480 2397 636 2464 relictam
649 2421 730 2484 esse,
757 2404 861 2470 docn-
930 2412 934 2419 ’

11 2540 14 2611 3
55 2528 176 2585 mento
190 2526 269 2579 aunt
287 2537 436 2603 nuperae
453 2516 658 2606 Supplicem
675 2529 708 2580 et
725 2518 861 2585 Hercu-

11 2628 14 2633 ’
52 2635 102 2703 lia
124 2631 282 2703 Fuentis
302 2632 467 2699 editiones
487 2633 528 2699 ab
543 2633 742 2700 Hermanno
762 2660 858 2704 cura·

11 2732 30 2831 ,1¹
52 2764 122 2820 tae.
175 2750 372 2818 Moesorum
395 2742 489 2817 enim
511 2750 638 2838 peritia
660 2776 767 2840 quum
783 2755 857 2842 ple·

11 2862 14 2871 ’
55 2868 178 2956 risque
199 2869 384 2936 editoribus
407 2879 465 2934 aut
484 2869 582 2934 nulla
597 2881 655 2934 aut
669 2871 794 2960 exigua
815 2870 854 2938 in

56 2997 204 3078 promtu
217 2999 312 3073 esset,
336 2985 531 3076 saepissime
542 2986 640 3053 bonis
653 2988 854 3055 lectionibus

11 3080 16 3153 s
58 3101 328 3175 veneciarum
376 3102 520 3171 Factum
533 3084 690 3195 estinde,
714 3117 753 3181 vt
768 3107 854 3174 iam·
