2054 3666
371 68 680 173 mammon

236 302 241 311 ’
297 280 421 341 δειλαία
446 278 559 358 νεκροῦ
579 277 723 362 μοραα,

299 362 415 426 νεκύων
437 362 597 447 ἀμενηνὸν
619 360 746 445 ἄγαλμ’,
767 360 790 433 ἢ
816 374 822 387 ’
907 396 915 415 ι

213 448 273 512 coir
285 445 377 527 παροὲ
390 447 571 529 προθύροις
584 446 734 527 φυλακάν
748 448 925 525 κατέχοντ’

214 534 236 609 ἢ
257 533 381 613 παίδων
400 532 561 615 ’θρέπτειρ’
568 580 578 608 ,
602 530 626 594 ἂ
646 534 764 613 Τροίας
884 550 926 619 :ps

246 640 249 647 ’
300 616 465 700 οἷρχαγούς
488 618 574 696 εἶχον
594 616 709 700 τιμάς,·

417 751 435 785 σ
452 751 533 803 τρο
551 753 572 798 φ
593 734 621 801 η’.

445 820 605 879 ΧΟΡΟΣ.

214 919 253 980 αἶ
273 920 319 982 αἶ.
342 922 449 988 ποίοις
470 916 495 978 δ
517 921 640 985 οἴκτοις
660 915 721 981 τοῖν
744 916 806 981 σοῖν
886 996 890 1003 Ι
920 906 941 999 ‚f

129 1131 258 1181 tanquam
283 1117 354 1175 suci,
380 1118 441 1181 qui,
473 1132 501 1168 vt
524 1133 606 1180 apum
638 1116 756 1164 consecto
784 1114 926 1167 industria

127 1187 208 1234 anellc
223 1196 377 1246 pascuntur,
398 1187 435 1233 ita
449 1188 479 1234 iis
501 1183 612 1233 adsidue
627 1196 726 1247 parent.
746 1183 858 1232 Tzetzes
868 1204 927 1235 z·-

127 1248 336 1314 κηφῆνες-ζῶα
363 1248 509 1315 σύντροφα
533 1249 587 1298 τῶν
607 1246 748 1312 μελισσῶν
769 1246 810 1313 τῷ
833 1246 924 1310 γένει.
998 1254 1001 1259 “

127 1315 243 1381 μείζονα
259 1311 288 1364 δὲ
306 1316 361 1365 τῶν
378 1315 533 1381 μελίσσῶν,
556 1316 606 1365 καὶ
625 1312 748 1380 ἄκεντρα
768 1328 822 1397 παρ’
846 1314 925 1379 ciret,

127 1384 177 1433 καὶ
204 1381 268 1439 ταῖς
291 1382 438 1446 μελίσσαις
463 1379 616 1449 ύπουργεΐ,
649 1382 767 1439 ταύταις
789 1399 806 1431 o
827 1398 925 1447 ροφο-
999 1441 1002 1446 ,

126 1449 241 1515 ροῦντα.
259 1451 363 1502 Plinius
371 1471 478 1519 quoque
487 1455 560 1503 sucos
576 1456 650 1518 quasi
662 1454 773 1502 seruitia
787 1468 925 1503 verarum
992 1512 996 1519 Ι

126 1538 209 1586 apum
225 1521 369 1584 appellat.“
394 1523 546 1573 Bionasvs.

161 1587 232 1636 lbid.
246 1586 402 1637 Articulum
418 1584 438 1634 α’
453 1602 511 1636 ante
521 1580 631 1632 δειλαία
639 1588 717 1633 metri
727 1602 807 1635 causa
817 1586 923 1639 deletui.

158 1654 190 1703 V.
207 1664 262 1732 1¹97.
293 1653 345 1705 Pro
361 1657 470 1719 vulgato
485 1651 584 1718 μορφᾷ
596 1655 652 1703 iam
665 1649 785 1703 Reishius
799 1658 933 1709 restituit.

109 1754 112 1759 .
135 1735 161 1767 ιο
203 1736 230 1770 α.
288 1764 294 1775 ,

122 1735 134 1781 i
158 1733 263 1855 iiim&
278 1805 335 1858 199.
369 1791 410 1842 Ita
430 1802 499 1841 recte
516 1788 564 1839 hos
579 1805 669 1838 versus
684 1779 823 1839 ordinauit
847 1790 924 1845 Πρι-

125 1852 205 1906 thius.
239 1857 327 1923 Vulgo
345 1876 376 1909 ex
389 1856 440 1909 Ms'.
455 1856 536 1906 Henr.
551 1856 694 1922 Stephani:

328 1922 444 1986 ἄγαλμα
451 1942 463 1979 ‚-
479 1916 501 1985 η’
517 1919 570 1968 τοὲν

225 1986 303 2051 πικροὶ
315 1986 476 2052 προθύροις
486 1983 619 2051 φυλακάν
632 1985 805 2051 κατέχουσα.

124 2053 192 2107 Anto
203 2054 238 2104 Η.
256 2055 422 2121 Stephanum
434 2056 525 2104 mutili
543 2056 752 2110 exhibebantur:

226 2119 334 2171 νεκύων
353 2117 481 2186 ἄμενηνύ
496 2121 576 2186 παροὲ
588 2121 754 2191 προθύροις

327 2185 348 2255 ἢ
361 2184 468 2238 παίδων
481 2186 665 2256 θρεπτείρας.

156 2274 190 2325 V.
204 2290 261 2324 202.
278 2274 336 2324 Hoc
352 2291 428 2323 versu
447 2292 518 2324 noua
533 2276 674 2328 inchoatur
687 2278 819 2345 strophn,·
846 2300 920 2349 qnae

126 2343 320 2408 'antistropham
342 2341 498 2392 habetinde
519 2362 534 2392 a
555 2363 578 2393 v.
588 2345 650 2407 2183
674 2350 701 2396 in
724 2364 776 2411 qua
800 2361 921 2418 rtrequo

123 2412 215 2461 nullae
239 2412 355 2476 amplius
371 2408 492 2461 Hecubae
513 2426 573 2461 suut
591 2425 688 2477 partes.
729 2416 817 2477 Nam,
845 2436 920 2485 quas
978 2414 999 2443 ¹·

125 2481 154 2528 in
169 2478 275 2541 stropha
289 2477 412 2527 Hecubae
426 2480 506 2541 vulgo
520 2478 597 2529 Libri
612 2482 751 2545 assignant,
774 2499 806 2532 ea
821 2502 918 2549 quan-

890 1918 906 1949 l

123 2560 216 2611 topcre
234 2545 410 2609 agrandaeua
424 2548 538 2598 muliere
559 2547 735 2608 abhorreant,
760 2568 843 2600 nemo
857 2570 916 2605 non
997 2548 1001 2559 '

124 2613 212 2674 ridet3
236 2615 263 2661 in
284 2615 445 2680 antistropha
465 2624 554 2663 autem
576 2628 647 2664 certe
668 2616 738 2665 nihil
758 2630 810 2677 est,
836 2622 916 2685 q'uod

124 2681 248 2731 Hecubae
263 2697 345 2744 quam
366 2681 455 2732 Choro
474 2685 557 2745 tnagis
579 2686 725 2734 conueniat.
755 2686 824 2736 Rem
843 2698 918 2739 con--¹

125 2752 181 2798 ficit
201 2749 317 2810 aequalis
338 2752 454 2801 rniuersi
471 2748 646 2814 stropharum
665 2756 814 2816 systematis
830 2754 914 2817 ordo,

124 2830 161 2874 vt,
183 2814 413 2881 quemadmodum
435 2828 492 2865 ante
513 2816 641 2881 colloquii
663 2820 769 2869 initium
784 2820 854 2870 duae
876 2822 914 2872 ad

123 2898 203 2933 ruam
217 2882 340 2931 Hecubae
354 2900 494 2948 personam
513 2883 634 2949 strophae
649 2890 847 2949 pertinuerunt,
871 2892 913 2939 ita

125 2953 199 3000 sinito
217 2952 352 3014 colloquio
366 2955 464 3016 pariter
475 2950 540 3000 duas
555 2952 677 3016 strophas
691 2971 741 3003 rna
751 2954 834 3004 Chori
844 2972 914 3021 per-

125 3036 188 3069 sona
204 3017 305 3072 habeat.
340 3019 505 3073 Hermanuus
520 3019 565 3070 has
581 3023 662 3073 otiam
675 3021 811 3087 strophas,
838 3040 912 3088 qua-
