2054 3666
151 274 216 355 nt
410 260 725 340 ‘rrrrmrsor‘

261 441 414 526 Τρῳάδες,
433 441 489 516 ἔξω
510 441 683 525 κομίσασθ’
705 443 817 504 οἴκων·

337 527 492 592 σιέλλοσσ
511 522 645 610 Ἀργεῖοι
667 525 789 590 νόστον.

259 689 276 710 Λ
293 689 308 710 α
482 615 656 676 ΕΚΑΒΗ.

258 717 274 757 8
293 717 316 757 ἒ.

257 778 305 863 μή
325 777 382 844 νῦν
401 802 460 863 μοι
481 776 543 841 τᾶν
563 770 786 863 βακχεύουσαν

336 863 558 946 Κασσάνδραν
579 860 754 946 πέμψασθ’
772 859 828 934 ἔξω
934 887 973 931 ιγι

339 947 498 1026 αἰσχύνην
522 947 708 1027 Ἀργείοισιν

268 1074 272 1083 .
337 1030 479 1109 μαινάδ’.
503 1027 549 1091 ἐπ’
571 1030 678 1110 ἄλγεσι
700 1024 727 1088 δ’
747 1024 927 1111 ἁλγυνθῶς

111 1100 166 1180 175
256 1110 295 1174 lui
320 1113 424 1193 Τροία
447 1111 580 1189 δύσταν’,
610 1110 718 1194 ἕρῥεις,

175 1218 974 1238 mmm-

173 1281 221 1330 vbi
242 1297 274 1330 ex
296 1279 458 1357 §choliastae
477 1283 607 1332 sententia
629 1278 810 1345 coniungenda
825 1292 892 1333 sunt
904 1277 976 1330 τλά-

172 1363 233 1411 μων
247 1361 327 1402 πους.
753 1372 757 1385 ι

208 1412 309 1476 V.170.
329 1409 346 1463 ἓ
362 1406 382 1466 ἴ.
408 1416 440 1465 In
456 1415 618 1480 antistropha
632 1426 671 1464 est
685 1410 742 1476 φεῦ
758 1410 824 1478 φεῦ.
842 1410 908 1479 Sed,
926 1414 975 1466 vhi

173 1492 248 1530 extra
265 1498 373 1531 versum
396 1485 597 1533 exclamationes
618 1484 724 1546 Tragici
741 1492 858 1547 ponunt,
895 1498 974 1548 scope

173 1549 202 1599 id
220 1560 325 1599 tantum
343 1549 465 1600 videntur
484 1567 601 1609 curasse,
636 1563 663 1600 vt
682 1552 820 1614 aequalem
838 1550 979 1600 antimo--

173 1614 226 1682 pha
244 1630 427 1682 repraesentet
449 1616 619 1683 syllabarum
635 1634 791 1676 numerum,
810 1615 843 1665 de
862 1618 972 1683 quanti-

173 1695 227 1734 tate
245 1700 344 1746 parurn
361 1685 523 1734 laborantes.

206 1751 238 1800 V.
256 1750 314 1811 ¹74·
332 1746 373 1800 ἐπ’
394 1748 493 1812 ἄλγεσι
514 1744 538 1797 δ’
560 1746 699 1810 ἀλγυνθῶ
706 1769 714 1810 3
748 1750 809 1813 Qua
827 1751 912 1816 vulgo
929 1752 982 1812 vis,

172 1832 225 1866 sese
244 1817 388 1879 expediunt
405 1821 577 1879 interpretes,
609 1829 636 1863 rt
655 1812 696 1878 μή
711 1833 743 1865 ex
766 1832 792 1862 r.
811 1833 868 1882 171·
888 1819 971 1883 idque

171 1889 282 1931 mutata
313 1880 523 1946 significatione
547 1881 590 1931 hic
617 1885 700 1948 repeti
731 1895 819 1931 mente
847 1884 971 1946 iubeant,

172 1965 231 1999 erm
248 1966 338 2000 vercor
356 1967 389 1998 ne
408 1950 512 1999 consilii
529 1953 616 2014 potius
637 1952 742 2014 inopis,
772 1966 855 2013 quam
874 1953 971 2003 idonea

172 2019 240 2067 ratio
258 2019 495 2068 commendauerit·
531 2019 591 2069 Non
616 2020 667 2067 nisi
684 2018 821 2082 aptissima
843 2020 971 2084 exempla

171 2083 235 2134 huic
246 2088 448 2134 constructionis
468 2085 568 2132 formae
586 2085 665 2131 fidem
675 2096 801 2147 poterunt
814 2087 980 2147 conciliare„

170 2151 323 2212 Equidem,
350 2150 480 2214 probante
496 2149 648 2196 Hermanno
668 2161 693 2197 et
710 2146 873 2210 Schaesero,
908 2164 971 2219 post

170 2211 311 2276 α’λγννθῶ
333 2216 446 2278 apposui
472 2214 685 2276 interrogationis
703 2227 801 2267 notam.
836 2216 970 2269 Schsefe·

170 2299 216 2332 rus
234 2292 368 2346 praeterea
387 2281 439 2344 legi
456 2281 563 2328 mauult
589 2275 720 2342 ὀίλγεσιν,
755 2282 842 2332 deleta
861 2287 972 2353 copula.

172 2347 249 2398 Cous·
267 2347 395 2398 Matthiae
413 2346 539 2397 Gramm.
558 2345 654 2397 Graec.
671 2352 737 2401 mci·
754 2347 779 2412 §-
795 2348 856 2400 515·
873 2369 902 2418 p·
919 2352 970 2418 724

171 2431 198 2465 se
238 2444 245 2460 .

200 2433 310 2547 (itini
331 2475 364 2528 isi
384 2479 477 2544 Τροία.
497 2480 573 2532 Libri
589 2498 679 2534 omnes
706 2481 791 2547 Τροία
813 2483 970 2551 duplicant·

171 2550 259 2602 Omisi
283 2552 399 2600 alterum
424 2551 504 2598 metri
531 2567 617 2598 causa·
668 2550 716 2600 Sin
740 2553 820 2601 mulis
839 2555 970 2616 retinere,

172 2617 317 2668 delendum
331 2618 426 2665 saltem
438 2629 476 2665 est
493 2611 535 2662 ἰώ.
570 2617 623 2666 sed
638 2620 790 2682 saepissime
804 2621 831 2667 in
846 2621 971 2686 Tragicis

171 2685 301 2734 vocabula
316 2686 386 2732 male
403 2686 540 2733 iterantur.
583 2684 640 2732 Hac
653 2687 789 2747 occasione
804 2693 971 2740 sententiam

170 2770 260 2804 meam
276 2753 392 2816 aperiam
403 2750 435 2798 de
444 2750 585 2812 Sophoclis
603 2752 661 2799 loco
672 2750 813 2802 Trachinn.
828 2771 842 2800 a
858 2771 883 2805 v.
894 2756 971 2810 1005.

170 2821 284 2878 Brunch·
303 2817 347 2866 vbi
369 2820 452 2867 simili
473 2817 554 2864 modo
574 2833 715 2882 perperam
728 2820 872 2882 aliquoties
887 2838 971 2874 voca-

170 2887 423 2951 hnladuplicantur.
458 2883 687 2946 Antistrophicam
696 2889 821 2937 carminis
829 2890 971 2941 rationem

171 2956 327 3011 Erfurdtius
344 2968 416 3000 mens
431 2969 485 2999 non
501 2966 533 2997 ex
556 2954 629 2999 ouini
644 2963 719 3017 parte
734 2957 878 3018 perspexit,
897 2973 970 3023 quae

169 3026 285 3078 faciliori
299 3021 404 3082 negotio
422 3019 525 3066 restitui
541 3029 634 3081 potest.
669 3017 732 3067 Inde
747 3037 761 3068 a
776 3037 799 3069 ν.
819 3023 894 3074 1005·
922 3043 970 3075 vs.

169 3112 221 3159 que
236 3092 270 3141 sd
287 3090 364 3137 finem
380 3103 404 3131 v.
422 3084 496 3134 1043.
512 3083 640 3147 strophae
651 3097 712 3133 sunt
726 3098 777 3136 tres
794 3088 970 3163 totidemque

170 3155 357 3222 antistrophae,
378 3153 533 3219 interpositu
552 3151 675 3215 mescho,
696 3149 867 3209 hocordiuc:
