2054 3666
341 247 646 327 Pltat'tattO.
851 272 889 312 tx

96 418 299 501 ferre'lraud
314 429 508 517 poeniteret.
536 424 695 492 Ceterum
708 438 745 495 vt
760 400 890 490 redem-

96 550 236 645 pteris,
249 550 289 614 de
305 547 361 613 his
382 546 515 632 litteris,
540 557 578 614 vt
597 555 734 631 constat,
760 545 890 633 optime

96 667 275 752 merentis,
302 664 470 730 desiderio
481 663 719 750 satisfacerem,
734 662 795 751 qui
811 664 894 728 tiro»

94 810 186 854 num
210 804 343 872 quoque
363 782 478 849 vsibus
503 781 592 847 hano
613 781 798 849 editionem
813 805 895 871 quo·

96 902 284 974 dammodo
311 903 599 969 accommodatam
625 900 751 986 voluit,
790 902 894 987 locos,

94 1021 162 1112 qui
181 1016 388 1086 difficiliores
404 1018 621 1106 viderentur,
654 1006 711 1118 aut
732 1019 817 1086 meis
837 1033 896 1086 ant

94 1143 249 1209 aliorum
270 1134 555 1223 explicationibus
576 1139 726 1205 breuiter
747 1139 897 1206 illustra-

94 1260 146 1330 vi.
208 1256 423 1340 Quamquam
448 1253 487 1318 in
511 1254 575 1321 tali
607 1279 706 1323 causa
732 1258 808 1324 fieri
833 1258 896 1325 vix
940 1318 942 1323 .
1009 1299 1011 1302 >

93 1387 222 1471 potest,
257 1371 340 1459 quin
364 1369 440 1447 aliis
470 1372 651 1462 pauciora,
677 1376 753 1444 aliis
783 1377 897 1465 plura,

94 1518 205 1587 quam
221 1490 422 1579 oportuerit,
430 1490 632 1577 explicuisse
644 1494 792 1561 videare.
820 1497 899 1580 Hoc

95 1613 205 1682 modo
234 1619 375 1674 cunctae
395 1605 574 1693 Euripidis
595 1607 727 1678 fabulae.
742 1605 899 1699 deinceps
956 1608 959 1613 ’

96 1704 152 1798 ita
167 1754 186 1796 a
201 1750 256 1795 me
275 1726 429 1807 edentur,
457 1735 493 1789 vt
509 1730 622 1790 totum
638 1749 722 1814 opus
740 1726 832 1795 intra
850 1729 902 1796 bi

100 1846 252 1953 ennitfft
277 1844 348 1910 fere
368 1841 572 1910 absoluatur.

185 1962 289 2048 Quod
302 1961 343 2025 ad
359 1960 447 2025 hano
470 1959 621 2026 fabulam
638 1962 771 2050 attinet,
797 1944 903 2032 nouas

104 2077 249 2168 quidem
271 2073 435 2143 Codicum
460 2078 560 2146 Mss,
582 2078 776 2146 collationes
792 2082 903 2149 nullae

102 2194 226 2277 habui,
253 2194 310 2258 sed
329 2199 548 2262 commodum
572 2197 706 2285 accidit,
733 2211 773 2267 vt
795 2202 904 2268 trium

105 2312 256 2402 optimae
272 2323 370 2376 notae
389 2313 560 2379 librorum
574 2311 735 2382 lectiones
745 2317 903 2406 Musgra·

104 2431 187 2501 vius
211 2428 372 2516 vulgarit,
399 2453 480 2517 quas
504 2430 633 2496 referre
658 2432 717 2497 ille
743 2436 822 2502 satis
846 2437 905 2504 ha-

103 2553 203 2635 bens,
214 2550 392 2639 plerasque
406 2549 602 2614 examinare
617 2551 779 2637 neglexit.
809 2525 904 2618 Emi·

105 2681 167 2736 net
181 2667 219 2733 in
242 2667 296 2732 his
321 2666 438 2734 Codex
463 2665 701 2752 Florentinus,
728 2669 787 2754 qui
809 2693 903 2737 secus

106 2799 208 2872 atque
224 2783 343 2850 Codex
358 2783 563 2848 Harleianus
581 2784 671 2850 haud
686 2809 764 2850 raro
781 2786 822 2851 ab
840 2785 905 2853 Al-

108 2905 193 2972 dina
209 2884 413 2991 inagnopere
429 2902 575 2987 recedit,
593 2902 817 2990 lectionesque
832 2906 920 2993 pler

109 3041 260 3107 rumque
275 3020 375 3084 offert
397 3019 556 3108 egregias.
608 3019 725 3112 Hunc,
745 3021 813 3088 nisi
831 3021 905 3090 ido·
